<record xmlns="http://www.loc.gov/MARC21/slim" xmlns:xsi="http://www.w3.org/2001/XMLSchema-instance" xsi:schemaLocation="http://www.loc.gov/MARC21/slim http://www.loc.gov/standards/marcxml/schema/MARC21slim.xsd"><leader>01985nam a2200385   4500</leader><controlfield tag="001">3066517</controlfield><controlfield tag="003">NNC</controlfield><controlfield tag="006">m        d        </controlfield><controlfield tag="007">cr cn |||m|||a</controlfield><controlfield tag="008">150223s1954    ua ab   ob    000 0 ara d</controlfield><datafield ind1=" " ind2=" " tag="040"><subfield code="a">NNU</subfield><subfield code="b">eng</subfield><subfield code="e">rda</subfield><subfield code="c">NNU</subfield></datafield><datafield ind1="1" ind2="4" tag="050"><subfield code="a">PK6501</subfield><subfield code="b">.Z86</subfield></datafield><datafield ind1="1" ind2=" " tag="100"><subfield code="6">880-01</subfield><subfield code="a">H&#803;asanayn, &#699;Abd al-Na&#699;i&#772;m Muh&#803;ammad.</subfield></datafield><datafield ind1="1" ind2="0" tag="245"><subfield code="6">880-02</subfield><subfield code="a">Niz&#803;a&#772;mi&#772; al-Ganjawi&#772; :</subfield><subfield code="b">sha&#772;&#699;ir al-fad&#803;i&#772;lah ; &#699;as&#803;rahu wa-bi&#772;&#700;athu wa-sha&#699;rhu /</subfield><subfield code="c">ta&#700;li&#772;f &#699;Abd al-Na&#699;i&#772;m Muh&#803;ammad H&#772;asanayn.</subfield></datafield><datafield ind1=" " ind2=" " tag="250"><subfield code="6">880-03</subfield><subfield code="a">al-T&#803;ab&#699;ah 1.</subfield></datafield><datafield ind1=" " ind2=" " tag="260"><subfield code="6">880-04</subfield><subfield code="a">Mis&#803;r :</subfield><subfield code="b">Maktabat al-Kha&#772;nji&#772;,</subfield><subfield code="c">1954.</subfield></datafield><datafield ind1=" " ind2=" " tag="300"><subfield code="a">online resource (527 pages) :</subfield><subfield code="b">illustrations, map</subfield></datafield><datafield ind1=" " ind2=" " tag="336"><subfield code="a">text</subfield><subfield code="2">rdacontent</subfield></datafield><datafield ind1=" " ind2=" " tag="337"><subfield code="a">computer</subfield><subfield code="2">rdamedia</subfield></datafield><datafield ind1=" " ind2=" " tag="338"><subfield code="a">online resource</subfield><subfield code="2">rdacarrier</subfield></datafield><datafield ind1=" " ind2=" " tag="500"><subfield code="a">Part of the Arabic Collections Online (ACO) project, contributed by Columbia University Libraries.</subfield></datafield><datafield ind1=" " ind2=" " tag="504"><subfield code="a">Includes bibliographical references (pages 483-498).</subfield></datafield><datafield ind1=" " ind2=" " tag="533"><subfield code="a">Electronic reproduction.</subfield><subfield code="b">New York, N.Y. :</subfield><subfield code="c">New York University,</subfield><subfield code="d">2015.</subfield><subfield code="5">NNU</subfield></datafield><datafield ind1="0" ind2="0" tag="600"><subfield code="a">Niz&#803;a&#772;mi&#772; Ganjavi&#772;,</subfield><subfield code="d">1140 or 1141-1202 or 1203.</subfield></datafield><datafield ind1="0" ind2="7" tag="600"><subfield code="a">Niz&#803;a&#772;mi&#772; Ganjavi&#772;,</subfield><subfield code="d">1140 or 1141-1202 or 1203</subfield><subfield code="2">fast</subfield><subfield code="0">(OCoLC)fst01838197</subfield></datafield><datafield ind1="2" ind2=" " tag="710"><subfield code="a">Columbia University.</subfield><subfield code="b">Libraries.</subfield></datafield><datafield ind1="0" ind2=" " tag="730"><subfield code="a">Arabic Collections Online.</subfield></datafield><datafield ind1="0" ind2="8" tag="776"><subfield code="i">Print version:</subfield><subfield code="a">H&#803;asanayn, &#699;Abd al-Na&#699;i&#772;m Muh&#803;ammad.</subfield><subfield code="t">Niz&#803;a&#772;mi&#772; al-Ganjawi&#772;</subfield><subfield code="w">(NNC)3066517</subfield><subfield code="w">(OCoLC)24633703</subfield></datafield><datafield ind1="4" ind2="0" tag="856"><subfield code="u">http://hdl.handle.net/2333.1/j3tx97r8</subfield></datafield><datafield ind1="1" ind2=" " tag="880"><subfield code="6">100-01/r</subfield><subfield code="a">&#8207;&#1581;&#1587;&#1610;&#1606;&#1548; &#1593;&#1576;&#1583; &#1575;&#1604;&#1606;&#1593;&#1610;&#1605; &#1605;&#1581;&#1605;&#1583;.</subfield></datafield><datafield ind1="1" ind2="0" tag="880"><subfield code="6">245-02/r</subfield><subfield code="a">&#8207;&#1606;&#1592;&#1575;&#1605;&#1610; &#1575;&#1604;&#1603;&#1606;&#1580;&#1608;&#1610; :&#8207;</subfield><subfield code="b">&#8207;&#1588;&#1575;&#1593;&#1585; &#1575;&#1604;&#1601;&#1590;&#1610;&#1604;&#1577; : &#1593;&#1589;&#1585;&#1607; &#1608;&#1576;&#1610;&#1574;&#1578;&#1607; &#1608;&#1588;&#1593;&#1585;&#1607; /&#8207;</subfield><subfield code="c">&#8207;&#1578;&#1571;&#1604;&#1610;&#1601; &#1593;&#1576;&#1583; &#1575;&#1604;&#1606;&#1593;&#1610;&#1605; &#1605;&#1581;&#1605;&#1583; &#1581;&#1587;&#1606;&#1610;&#1606;.</subfield></datafield><datafield ind1=" " ind2=" " tag="880"><subfield code="6">250-03/r</subfield><subfield code="a">&#8207;&#1575;&#1604;&#1591;&#1576;&#1593;&#1577; 1.</subfield></datafield><datafield ind1=" " ind2=" " tag="880"><subfield code="6">260-04/r</subfield><subfield code="a">&#8207;&#1605;&#1589;&#1585; :&#8207;</subfield><subfield code="b">&#8207;&#1605;&#1603;&#1578;&#1576;&#1577; &#1575;&#1604;&#1582;&#1575;&#1606;&#1580;&#1610;&#1548;&#8207;</subfield><subfield code="c">&#8207;1954.</subfield></datafield><datafield ind1=" " ind2=" " tag="959"><subfield code="a">NNU</subfield><subfield code="b">WEB</subfield><subfield code="c">GENI</subfield><subfield code="t">0</subfield><subfield code="m">Electronic access</subfield><subfield code="s">01</subfield></datafield><datafield ind1=" " ind2=" " tag="999"><subfield code="i">NNC_3066517</subfield><subfield code="o">(OCoLC)ocm24633703 </subfield><subfield code="s">columbia_aco000189</subfield></datafield></record>